@misc{WikiAurora,
	title = {Полярное сияние — \autocap{В}икипедия, свободная энциклопедия},
	url = {http://ru.wikipedia.org/?oldid=75221213},
	author = {Википедия},
	year = {2015},
	note = {|Online; accessed: 10-января-2016|},
}

@article{KruesiL,
	author = {Kruesi, L},
	title = {Aurorae are not mirror images},
	journaltitle = {Astronomy},
	date = {2009},
	volume = {37},
	number = {11},
%	version = {7},
}

@article{AleksandrovNL,
	author = {Александров, Н. Л.},
	title = {Полярные сияния},
	journaltitle = {Соросовский образовательный журнал},
	date = {2001},
	volume = {7},
	number = {5},
	pages = {20},
}

@book{BulatVL,
	author = {Булат, В. Л.},
	title = {Оптические явления в природе},
	publisher = {Просвещение},
	date = {1974}
}

@book{ZverevaSV,
	author = {Зверева, С. В.},
	title = {В мире солнечного света},
	publisher = {Гидрометеоиздат},
	date = {1988}
}

@book{IsaevSI,
	author = {Исаев, С. И.},
	title = {Полярные сияния},
	publisher = {Книж. изд-во},
	date = {1980}
}

@book{MizunUG,
	author = {Мизун, Ю. Г.},
	title = {Полярные сияния},
	publisher = {Наука},
	date = {1983}
}

@string{and = " and "}
@string{mishin        = "Мишин, Р"}
@string{pushkin      = "Пушкин, А"}

@book{MishinR,
%	author = mishin # and # pushkin,
	author = mishin,
	title = {Взаимодействие электронных потоков с ионосферной плазмой.},
	publisher = {Гидрометеоиздат},
	date = {1989}
}